<?xml version = "1.0" encoding = "UTF-8"?><record>
  <leader>00980nam#a2200337#c#4500</leader>
  <controlfield tag="005">20211208113100.0</controlfield>
  <controlfield tag="007">tu</controlfield>
  <controlfield tag="008">211206|2010####gw#####|######|||#u#ger#c</controlfield>
  <controlfield tag="003">DE-605</controlfield>
  <controlfield tag="001">99371087571106441</controlfield>
  <datafield tag="015" ind1=" " ind2=" ">
    <subfield code="a">10,A44</subfield>
    <subfield code="z">10,N24</subfield>
    <subfield code="2">dnb</subfield>
  </datafield>
  <datafield tag="016" ind1="7" ind2=" ">
    <subfield code="a">1003421784</subfield>
    <subfield code="2">DE-101b</subfield>
  </datafield>
  <datafield tag="020" ind1=" " ind2=" ">
    <subfield code="a">9783896033512</subfield>
    <subfield code="c">Pp. : EUR 12.90 (DE), EUR 13.30 (AT), sfr 23.70 (freier Pr.)</subfield>
    <subfield code="9">978-3-89603-351-2</subfield>
    <subfield code="0">(uri) http://www.isbnsearch.org/isbn/9783896033512</subfield>
  </datafield>
  <datafield tag="024" ind1="3" ind2=" ">
    <subfield code="a">9783896033512</subfield>
    <subfield code="0">(uri) http://www.isbnsearch.org/isbn/9783896033512</subfield>
  </datafield>
  <datafield tag="035" ind1=" " ind2=" ">
    <subfield code="a">(DE-605)HT021169212</subfield>
  </datafield>
  <datafield tag="040" ind1=" " ind2=" ">
    <subfield code="c">DE-605</subfield>
    <subfield code="a">38/323</subfield>
    <subfield code="b">ger</subfield>
    <subfield code="e">rakddb</subfield>
    <subfield code="d">DE-605</subfield>
  </datafield>
  <datafield tag="041" ind1=" " ind2=" ">
    <subfield code="a">ger</subfield>
    <subfield code="h">cze</subfield>
  </datafield>
  <datafield tag="044" ind1=" " ind2=" ">
    <subfield code="c">XA-DE</subfield>
  </datafield>
  <datafield tag="090" ind1=" " ind2=" ">
    <subfield code="a">b</subfield>
    <subfield code="h">h</subfield>
  </datafield>
  <datafield tag="100" ind1="1" ind2=" ">
    <subfield code="a">Miler, Zden&#283;k</subfield>
    <subfield code="d">1921-2011</subfield>
    <subfield code="0">(DE-588)106430750</subfield>
    <subfield code="4">ill</subfield>
    <subfield code="0">(uri) https://portal.dnb.de/opac.htm?method=simpleSearch&amp;cqlMode=true&amp;query=idn=106430750</subfield>
    <subfield code="0">(uri) http://viaf.org/viaf/sourceID/DNB|106430750</subfield>
  </datafield>
  <datafield tag="240" ind1="1" ind2="0">
    <subfield code="a">O l&#237;n&#233; Gr&#233;t&#283;</subfield>
  </datafield>
  <datafield tag="245" ind1="1" ind2="0">
    <subfield code="a">&lt;&lt;Das&gt;&gt; faule M&#228;dchen</subfield>
    <subfield code="b">ein tschechisches M&#228;rchen</subfield>
    <subfield code="c">ill. von Zden&#283;k Miler</subfield>
  </datafield>
  <datafield tag="250" ind1=" " ind2=" ">
    <subfield code="a">1. Aufl.</subfield>
  </datafield>
  <datafield tag="264" ind1=" " ind2="1">
    <subfield code="a">Leipzig</subfield>
    <subfield code="b">LeiV</subfield>
    <subfield code="c">2010</subfield>
  </datafield>
  <datafield tag="300" ind1=" " ind2=" ">
    <subfield code="a">[16] Bl.</subfield>
    <subfield code="b">zahlr. Ill.</subfield>
    <subfield code="c">20 x 27 cm</subfield>
  </datafield>
  <datafield tag="336" ind1=" " ind2=" ">
    <subfield code="b">txt</subfield>
  </datafield>
  <datafield tag="337" ind1=" " ind2=" ">
    <subfield code="b">n</subfield>
  </datafield>
  <datafield tag="338" ind1=" " ind2=" ">
    <subfield code="b">nc</subfield>
  </datafield>
  <datafield tag="964" ind1="0" ind2="s">
    <subfield code="F">051</subfield>
    <subfield code="A">m|||z|||</subfield>
  </datafield>
  <datafield tag="964" ind1="0" ind2="s">
    <subfield code="F">030</subfield>
    <subfield code="A">g|1daz|z|||17</subfield>
  </datafield>
  <datafield tag="964" ind1="0" ind2="s">
    <subfield code="F">050</subfield>
    <subfield code="A">a|b|||||||||||</subfield>
  </datafield>
  <datafield tag="035" ind1=" " ind2=" ">
    <subfield code="a">(DE-599)DNB1003421784</subfield>
  </datafield>
  <datafield tag="MBD" ind1=" " ind2=" ">
    <subfield code="M">49HBZ_NETWORK</subfield>
    <subfield code="i">99371087571106441</subfield>
    <subfield code="n">HBZ Network</subfield>
  </datafield>
  <datafield tag="MNG" ind1=" " ind2=" ">
    <subfield code="c">System</subfield>
    <subfield code="f">HBZ</subfield>
    <subfield code="i">marc21</subfield>
    <subfield code="h">20211208113100.0</subfield>
    <subfield code="k">01</subfield>
    <subfield code="e">false</subfield>
    <subfield code="d">2021-12-09 04:45:11 Europe/Berlin</subfield>
    <subfield code="g">HT021169212</subfield>
    <subfield code="j">60</subfield>
    <subfield code="a">System</subfield>
    <subfield code="b">2021-12-06 11:30:50 Europe/Berlin</subfield>
  </datafield>
</record>